1837 2930
572 148 905 189 AENEIDOS
959 148 1084 190 LIB.
1138 149 1205 189 IV
1570 156 1634 208 13

140 265 344 313 nescius
364 283 376 314 :
414 265 504 312 illa
526 264 649 327 fuga
673 265 830 312 silvas
855 266 1118 326 saltusque
1144 268 1379 327 peragrat

140 347 378 395 Dictaeos
398 366 409 407 3
445 347 625 394 haeret
650 346 804 393 lateri
826 346 998 394 letalis
1023 332 1240 407 arundffi

139 444 277 475 nunc
302 428 473 476 media
497 429 712 476 Aenean
737 414 912 474 secuffi
935 444 1026 489 per
1048 428 1254 475 moenia
1278 427 1434 488 ducit,

140 509 479 571 Sidoniasque
505 511 732 558 ostentat
757 525 877 570 opes
902 509 1186 570 urbemque
1209 512 1442 570 paratam
1463 528 1474 569 ;
1585 506 1632 568 75

140 592 327 653 incipit
351 591 512 652 effari,
541 591 812 651 mediaque
839 591 896 637 in
922 606 1041 638 voce
1066 590 1265 638 resistit
1286 609 1297 639 :

140 689 278 720 nunc
302 671 484 720 eadem
506 672 706 720 labente
734 671 817 718 die
842 673 1082 720 convivia
1106 673 1321 734 quaerit,

140 754 426 816 Iliacosque
451 755 643 802 iterum
668 755 882 812 demens
906 753 1083 802 audire
1108 754 1307 802 labores

139 837 383 899 exposcit,
410 837 703 899 pendetque
726 837 918 884 iterum
941 836 1201 884 narrantis
1227 836 1290 883 ab
1313 853 1412 886 ore.

138 921 268 981 post,
298 918 389 966 ubi
413 919 645 981 digressi,
672 917 956 980 lumenque
981 919 1197 966 obscura
1220 919 1453 967 vicissim
1583 931 1634 968 80

138 1001 262 1048 luna
284 1001 489 1062 premit,
519 1000 839 1062 suadentque
863 1000 1099 1049 cadentia
1121 1001 1293 1049 sidera
1317 1018 1544 1062 somnos,

140 1082 249 1130 sola
272 1083 426 1131 domo
450 1085 646 1131 maeret
668 1099 840 1144 vacua,
871 1083 1148 1146 stratisque
1170 1083 1367 1131 relictis

138 1164 375 1213 incubat:
412 1164 564 1212 illum
588 1163 776 1212 absens
799 1164 1070 1212 absentem
1095 1165 1341 1228 auditque
1364 1165 1609 1227 videtque

138 1249 225 1294 aut
249 1246 446 1309 gremio
470 1245 775 1305 Ascanium,
799 1246 1050 1308 genitoris
1071 1246 1301 1309 imagine
1325 1250 1485 1308 capta,

138 1328 350 1389 detinet,
378 1327 653 1375 infandum
678 1327 724 1376 si
745 1327 921 1376 fallere
945 1328 1110 1390 possit
1135 1345 1381 1376 amorem.
1581 1339 1629 1388 85

137 1424 241 1455 non
266 1410 470 1470 coeptae
493 1409 778 1470 adsurgunt
801 1411 968 1469 turres
987 1426 999 1468 ;
1037 1426 1144 1456 non
1166 1426 1309 1458 arma
1334 1410 1579 1458 iuventus

138 1493 350 1556 exegcet,
378 1492 621 1552 portusve
645 1493 735 1538 aut
764 1492 1145 1557 propugnacula
1170 1491 1303 1539 bello

135 1575 252 1620 tuta
275 1574 488 1634 parant:
531 1573 760 1634 pendent
787 1588 939 1634 opera
962 1572 1267 1634 interrupta,
1299 1574 1575 1636 minaeque

136 1671 407 1723 murorum
431 1655 684 1716 ingentes,
710 1657 1027 1716 aequataque
1052 1655 1294 1717 machina
1318 1656 1471 1704 caelo.

133 1835 257 1876 ιῙιιηο
285 1847 374 1876 sees
404 1834 560 1876 Dido’s
581 1836 730 1890 pliyht
761 1837 853 1877 and
883 1836 1136 1890 reproaches
1164 1836 1309 1878 Venus
1327 1838 1412 1891 for
1436 1838 1482 1879 it.
1545 1839 1631 1879 She

245 1907 455 1948 proposes
494 1894 590 1935 that
627 1897 801 1936 Aeneas
835 1895 994 1937 should
1027 1909 1176 1948 ›mm-y
1210 1896 1328 1937 Dido
1361 1898 1452 1937 and
1477 1897 1629 1950 found

250 1966 278 1993 a
308 1953 519 2007 lcinydom
550 1958 596 1994 at
632 1953 850 2006 Carthaye
874 1956 1098 2008 protected
1130 1955 1182 2008 by
1214 1955 1311 1996 both
1337 1957 1575 2009 qodclesses.

202 2069 368 2138 Quam
394 2069 630 2125 SimuLass
658 2069 752 2117 tali
778 2070 1034 2132 persensit
1057 2072 1200 2132 peste
1225 2070 1390 2117 teneri
1577 2092 1628 2131 90

136 2136 253 2199 cara
276 2150 420 2217 onsis
443 2152 684 2212 coniunx,
715 2168 809 2199 neo
833 2152 1025 2199 famam
1051 2152 1253 2199 obstare
1279 2152 1463 2211 furori,

133 2233 328 2281 talibus
349 2232 652 2294 adgreditur
673 2233 931 2280 Venerem
956 2233 1201 2280 Saturnia
1225 2233 1402 2282 dictis:

140 2314 421 2376 ‘egregiam
445 2331 569 2362 vero
592 2314 799 2363 laudem
823 2318 877 2362 et
901 2315 1067 2376 spolia
1092 2317 1264 2377 amp]a
1287 2317 1495 2364 refertis

133 2398 292 2458 tuque
312 2412 536 2458 puerque
555 2400 690 2455 tuus,
715 2412 965 2457 magnum
982 2400 1036 2444 et
1055 2386 1621 2449 memorabilenomen.

135 2494 238 2526 una
262 2477 377 2526 dolo
401 2478 578 2526 divom
604 2479 650 2525 si
675 2477 873 2525 femina
896 2478 1033 2525 victa
1058 2479 1277 2527 duorum
1303 2483 1399 2527 est.
1537 2482 1541 2489 '
1575 2502 1624 2541 95

133 2576 226 2607 nec
250 2576 335 2607 nie
359 2559 485 2606 adeo
508 2559 655 2619 fallit,
685 2559 909 2607 veritam
933 2561 984 2606 te
1008 2561 1214 2608 moenia
1238 2564 1416 2609 nostra

135 2645 396 2703 suspectas
420 2642 661 2689 habuisse
687 2641 868 2689 domos
892 2642 1218 2698 Carthaginis
1243 2643 1389 2691 altae.
