1837 2930
195 134 265 206 38
588 146 637 188 P.
682 146 952 188 VERGILI
1007 146 1306 189 MARONIS
1676 132 1786 214 Q

203 261 416 320 ‘inveni,
446 277 702 323 germana,
734 261 1145 323 viam—gratare
1173 264 1401 310 sorori--

196 358 324 405 quae
348 342 481 390 mihi
504 343 684 391 reddat
707 360 839 404 eum,
871 343 953 391 vel
980 360 1038 391 eo
1062 360 1145 392 me
1172 345 1339 393 solvat
1363 350 1638 396 amantem.

196 424 385 472 Oceani
409 424 569 472 finem
594 425 741 473 iuxta
765 424 1030 487 solemque
1056 425 1323 474 cadentem
1609 439 1690 488 480

195 505 412 554 ultimus
435 507 754 569 Aethiopum
779 506 922 554 locus
946 510 1037 567 est,
1070 507 1158 554 ubi
1183 509 1444 556 maximus
1469 511 1622 558 Atlas

193 603 344 653 axegn
367 604 545 635 umero
569 591 775 651 torquet
801 588 964 656 stellis
990 589 1294 637 ardentibus
1317 593 1524 652 aptum:

193 669 317 716 hinc
341 669 476 717 mihi
499 670 752 733 Massylae
778 672 949 733 gentis
971 673 1260 720 monstrata
1285 672 1533 733 Sacerdos,

194 750 547 813 Hesperidum
572 752 757 815 templi
783 754 967 814 custos,
998 753 1278 816 epulasque
1306 754 1515 820 drasconi

194 848 321 893 quae
348 833 514 894 dabat,
545 836 597 881 et
621 849 788 882 sacros
813 834 1049 882 servabat
1073 835 1128 882 in
1155 835 1334 883 arbore
1359 853 1545 897 ramos,
1611 847 1687 895 485

193 931 436 989 spargens
461 915 637 963 umida
662 915 820 963 mella
845 916 1290 986 soporiferumque
1314 934 1572 984 papa—ver.-

193 997 316 1044 haec
342 1013 396 1044 se
423 998 741 1045 carminibus
764 997 1028 1060 promittit
1053 998 1251 1046 solvere
1275 1002 1492 1060 mentes,
1541 1015 1564 1035 -’

193 1095 318 1140 quas
342 1079 482 1140 velit,
511 1081 591 1127 ast
615 1079 730 1128 aliis
757 1080 910 1127 duras
933 1079 1201 1128 inmittere
1227 1097 1372 1129 curas
1391 1099 1402 1141 ;

192 1160 373 1229 sist-ere
397 1177 584 1222 aquam
609 1161 797 1221 fluviis,
827 1164 879 1208 et
904 1163 1103 1209 vertere
1129 1162 1294 1210 sidera
1319 1166 1456 1211 retro
1477 1182 1487 1222 ;

154 1286 157 1289 ,
192 1245 572 1304 nocturnosque
596 1243 695 1291 ciet
718 1259 897 1291 manes
917 1261 927 1302 3
963 1243 1166 1305 mugire
1189 1244 1391 1292 videbis
1610 1265 1691 1305 490

192 1325 286 1372 sub
313 1324 530 1387 pedibus
552 1328 759 1386 terram,
789 1329 839 1373 et
865 1325 1171 1373 descendere
1194 1326 1464 1374 montibus
1490 1343 1658 1375 ornos.

191 1410 364 1466 testor,
395 1423 522 1467 cara,
554 1407 687 1467 deos,
720 1410 770 1454 et
795 1409 858 1467 te,
891 1423 1150 1470 germana,
1179 1410 1430 1470 tuumque

192 1489 339 1537 dulce
364 1492 530 1551 caput,
560 1489 788 1550 magicas
812 1489 1034 1538 invitam
1060 1489 1506 1583 369111ςίθᾶἃῶἓῆ
1533 1476 1749 1559 Ναί]

192 1577 250 1619 tu
275 1575 467 1619 secreta
490 1588 673 1634 pyram
696 1574 833 1619 tecto
858 1571 1101 1620 interiore
1128 1572 1224 1619 sub
1245 1568 1398 1620 auras
1607 1559 1742 1618 nar-”9⁸4

192 1654 341 1716 erige,
371 1656 423 1701 et
448 1669 590 1721 arma
613 1654 726 1713 viri,
757 1654 986 1702 thalamo
1013 1671 1141 1716 quae
1167 1654 1271 1701 fixa
1295 1654 1504 1716 reliquit
1610 1675 1688 1714 495

192 1736 396 1798 impius,
427 1727 738 1798 exsuviasque
772 1752 963 1795 omnes,
994 1735 1289 1798 lectumque
1312 1735 1552 1798 iugalem,

193 1836 294 1881 quo
318 1819 462 1880 perii,
494 1818 932 1882 superinponant:
970 1818 1175 1884 abolere
1200 1818 1411 1866 nefandi
1480 1803 1566 1891 s

192 1903 375 1948 cuncta
399 1900 502 1948 viri
528 1900 851 1961 monimenta
876 1899 1020 1948 iubet
1039 1902 1397 1962 monstratque
1422 1900 1690 1949 sacerdOS.’

192 1983 315 2032 haec
341 1982 490 2031 effata
517 1982 633 2030 silet
653 2001 664 2042 3
701 1982 867 2044 pallor
892 1981 1050 2030 simul
1075 1983 1287 2044 osscupat
1314 1998 1418 2029 ora.

194 2083 298 2113 non
323 2068 498 2113 tamen
526 2066 680 2113 Anna
705 2064 854 2112 novis
877 2066 1172 2126 praetexere
1193 2063 1378 2111 funera
1398 2063 1556 2111 sacris
1585 2080 1592 2091 ·
1610 2083 1701 2122 500⁷

193 2164 492 2210 germanam
518 2147 694 2207 credit,
725 2163 819 2194 nec
845 2150 1018 2195 tantos
1042 2148 1215 2194 mente
1240 2146 1440 2194 furores

193 2230 428 2292 concipit,
458 2232 547 2277 aut
572 2229 807 2292 graviora
832 2230 997 2290 timet,
1028 2245 1181 2290 quam
1209 2231 1376 2276 morte
1403 2227 1637 2291 Sychaei.

193 2330 309 2375 ergo
334 2313 472 2360 iussa
497 2314 656 2374 parat.

192 2446 309 2486 Dido
342 2444 552 2485 wreathes
582 2444 652 2484 the
674 2458 790 2498 pyre
817 2444 921 2484 with
949 2443 1179 2496 yarlcmds,
1200 2442 1353 2496 plaees
1380 2456 1438 2482 an
1477 2443 1617 2495 imam>
1643 2443 1698 2496 of

307 2506 482 2545 Aeneas
497 2516 614 2557 upon
635 2504 682 2553 o‘t,
698 2504 790 2543 and
806 2508 955 2543 strenze
975 2503 1005 2542 it
1022 2502 1124 2542 with
1145 2502 1328 2542 charum.
1380 2501 1689 2555 Uzepm'estess

313 2569 447 2604 urim-s·
467 2563 547 2603 her
566 2563 880 2604 v‘weantatz'ons.
945 2561 1062 2602 Dido
1089 2561 1196 2601 calls
1216 2574 1268 2601 on
1295 2561 1364 2601 the
1382 2562 1501 2613 yods.

261 2653 330 2698 At
358 2651 545 2712 regina,
577 2666 699 2713 pyra
723 2649 978 2713 penetrali
1004 2649 1059 2695 in
1086 2649 1204 2695 sede
1231 2648 1326 2695 sub
1351 2664 1499 2697 auras
