1837 2930
45 98 170 216 ο
574 183 905 225 AENEIDos
958 184 1082 226 LIB.
1139 184 1204 224 1v
1563 191 1633 244 33

71 2430 80 2448 κ

138 355 257 396 Dido
286 368 376 395 sees
407 355 476 395 the
508 354 643 395 bustle
673 356 727 408 of
749 356 997 408 departure,
1029 356 1121 394 and
1156 356 1197 394 in
1234 355 1314 395 her
1345 356 1503 407 melsa-y
1532 356 1634 396 ask-s

255 413 336 454 her
369 414 501 454 sister
533 418 574 455 to
611 413 737 453 make
779 427 807 454 (ι
848 414 932 454 last
968 414 1141 467 appocal.
1208 411 1331 454 ‘Tell
1365 414 1459 454 him
1488 415 1520 454 I
1550 428 1635 454 was

255 485 386 513 never
428 473 496 513 the
544 484 695 525 enemy
738 473 793 525 of
828 473 900 513 his
943 485 1041 513 ναι-0
1073 485 1126 513 or
1159 473 1360 513 lcindrecl.
1422 472 1503 513 Let
1542 473 1632 512 him

254 535 353 584 stay
390 530 465 571 but
500 544 529 571 (ι
570 531 681 571 little
719 531 860 583 while,
894 531 989 571 that
1027 545 1096 584 my
1131 544 1295 572 sorrow
1331 545 1434 584 may
1470 531 1575 572 have
1607 545 1634 571 (ι

258 590 446 643 respite;
477 590 580 630 then
602 589 658 630 let
680 589 772 629 him
791 589 873 642 90?

139 705 268 765 Quis
291 704 389 752 tibi
412 707 541 764 tum,
572 704 720 765 Dido,
750 706 977 752 cernenti
1001 706 1125 753 talia
1149 722 1343 766 sensus,

139 803 332 849 quosve
357 786 512 834 dabas
537 787 778 849 gemitus,
806 803 924 832 cum
946 787 1099 834 litora
1123 787 1316 835 fervere
1340 787 1444 835 late

139 868 455 930 prospiceres
477 885 589 916 arce
615 884 677 915 ex
701 884 920 928 summa,
949 869 1219 930 totumque
1244 869 1445 916 videres
1555 887 1634 926 410

139 948 342 998 misceri
365 951 485 997 ante
511 949 684 997 oculos
707 949 870 997 tantis
894 949 1206 997 clamoribus
1229 967 1419 1012 aequor
1434 952 1461 998 ⁶?
1672 935 1675 937 '

139 1030 371 1094 improbe
394 1047 557 1091 amor,
582 1030 709 1093 quid
732 1047 841 1078 non
864 1031 1106 1078 mortalia
1129 1033 1337 1093 pectora
1360 1031 1541 1093 cogis?
1573 1050 1588 1068 ³
1608 1053 1610 1055 ·

139 1113 215 1161 ire
238 1113 431 1162 iterum
455 1114 513 1161 in
535 1113 789 1170 lacrimas,
819 1113 1010 1161 iterum
1033 1114 1289 1175 temptare
1313 1114 1567 1175 precando

139 1195 352 1258 cogitur,
381 1198 434 1244 et
458 1196 673 1258 supplex
696 1196 903 1243 animos
927 1194 1232 1244 submittere
1256 1196 1437 1256 amori,

140 1294 206 1325 ne
228 1277 353 1340 quid
377 1279 707 1340 inexpertum
730 1276 922 1325 frustra
945 1293 1058 1325 mor
1048 1276 1196 1324 Uitula
1222 1278 1497 1339 relinquat.
1555 1298 1633 1336 415

210 1360 221 1382 ‘
236 1361 407 1420 Anna,
436 1359 582 1407 vides
606 1361 716 1407 toto
739 1377 800 1421 pr
804 1360 1003 1421 operari
1025 1359 1206 1407 litore:
1245 1359 1437 1408 011011111

140 1442 368 1505 undique
390 1458 706 1501 convener;e
740 1442 927 1490 vocat
912 1458 1016 1489 iam
1042 1442 1280 1490 carbasus
1304 1458 1474 1502 auras,

139 1523 398 1590 puppibus
422 1526 475 1571 et
496 1523 620 1571 laeti
643 1523 868 1572 nautae
854 1540 1143 1585 imposuere
1168 1540 1252 1571 cor
1254 1541 1392 1572 onas.

139 1604 278 1654 1111110
301 1623 395 1669 ego
419 1605 466 1654 si
488 1606 637 1668 potui
660 1608 869 1654 tantum
894 1621 1097 1667 sperare
1123 1605 1363 1667 dolorem,

139 1689 191 1735 et
249 1688 486 1750 perferre,
550 1704 706 1749 soror,
758 1691 950 1750 potero.
1040 1688 1257 1737 miserae
1311 1689 1409 1736 hoc
1462 1691 1638 1737 tamen

273 1787 440 1819 unum
1556 1792 1636 1830 420

137 1869 430 1916 exsequere,
455 1853 625 1912 Anna,
653 1853 784 1901 1111111
803 1871 814 1912 ;
852 1853 1016 1902 solam
1041 1870 1165 1901 nam
1190 1854 1420 1916 perfidus
1444 1854 1530 1902 ille

138 1936 190 1982 te
212 1934 390 2004 colere,
418 1951 627 1983 arcanos
650 1936 812 1983 etiam
835 1935 935 1983 tibi
961 1936 1162 1995 credere
1188 1951 1400 1995 sensus;

138 2016 257 2090 sola
268 2016 373 2066 viri
395 2017 578 2065 molles
602 2016 775 2065 aditus
800 2019 850 2065 et
874 2019 1107 2093 tempora
1130 2034 1299 2066 noras.

137 2103 168 2163 1,
196 2118 352 2163 soror,
381 2101 536 2165 atque
560 2102 768 2151 hostem
793 2087 1010 2165 supplex
1035 2092 1208 2151 adfare
1225 2102 1548 2165 superbum:

136 2201 241 2233 non
256 2201 349 2247 ego
364 2200 484 2232 cum
494 2184 972 2232 DanaisTroianam
989 2185 1287 2248 exscindere
1304 2188 1514 2247 gentem
1555 2206 1633 2245 425

136 2266 328 2316 Aulide
351 2266 529 2327 iuravi,
561 2267 840 2315 classemve
865 2267 928 2314 ad
955 2267 1210 2330 Pergama
1234 2268 1386 2315 misi:

136 2364 230 2397 nec
253 2348 413 2411 patris
436 2348 698 2397 Anchisae
725 2349 952 2398 cinerem
976 2365 1221 2398 manesve
1246 2350 1437 2410 revelli,

136 2447 227 2495 cur
250 2447 368 2478 mea
391 2430 526 2478 dicta
550 2433 704 2493 neget
729 2431 883 2479 duras
909 2430 1182 2479 demittere
1207 2433 1262 2479 in
1286 2449 1448 2480 aures.

136 2529 236 2575 quo
256 2513 361 2561 ruit
376 2514 402 2560 Ῥ
433 2514 727 2561 extremum
745 2513 842 2561 hoc
863 2514 1081 2561 miserae
1098 2515 1185 2562 det
1203 2531 1395 2561 munus
1413 2515 1634 2562 amanti:

136 2598 395 2657 exspectet
419 2594 723 2656 facilemque
748 2596 929 2658 fugam
952 2598 1236 2658 ventosque
1264 2596 1500 2643 ferentes.
1554 2617 1634 2655 430

134 2694 239 2725 non
265 2677 369 2725 iam
392 2676 696 2738 coniugium
719 2677 1009 2740 antiquum.
1039 2678 1174 2739 quod
1200 2677 1441 2739 prodidit,
1470 2694 1572 2735 oro,

194 2773 279 2801 AEN.
306 2773 343 2800 lv
864 2775 896 2806 D
