1837 2930
165 169 234 220 44
558 162 609 204 P.
656 161 927 202 VERGILI
981 160 1277 202 MARONIS

162 282 321 340 tuque
345 278 532 325 harum
556 278 810 339 interpres
835 294 1075 325 curarum
1099 281 1150 325 et
1175 278 1376 325 conscia
1402 279 1552 338 Iuno.

162 360 530 421 nocturnisque
555 359 752 406 Hecate
776 359 950 406 triviis
975 359 1171 406 ululata
1193 376 1284 420 per
1308 360 1475 419 urbes,

162 443 214 487 et
236 440 391 487 Dirae
416 439 642 499 ultrices,
671 441 723 486 et
748 439 803 487 di
824 440 1100 486 morientis
1124 440 1337 499 Elissae,
1577 449 1657 486 610

161 521 375 582 accipite
398 520 538 580 haec,
566 521 917 581 meritumque
942 520 1096 568 malis
1120 520 1373 568 advertite
1397 538 1610 580 numen,

161 606 211 650 et
236 605 440 649 nostras
464 601 638 649 audite
671 618 857 664 preces.
936 602 982 650 si
1005 604 1215 664 tangere
1239 605 1421 664 portus

159 683 432 730 infandum
458 686 610 744 caput
636 699 692 730 ac
716 684 870 730 terris
894 683 1085 730 adnare
1110 701 1315 731 necesse
1339 687 1432 745 est,

160 768 209 811 et
235 765 309 812 sic
333 764 438 811 fata
463 764 608 813 Iovis
631 768 867 827 poscunt,
896 766 981 812 hic
1005 765 1264 813 terminus
1288 766 1464 813 haeret
1485 784 1496 814 ε

160 849 212 893 at
236 847 298 893 be
323 846 371 893 lo
398 846 606 894 audacis
666 846 810 908 opuli
835 850 1052 894 xexatus
1076 848 1128 894 et
1152 847 1325 907 armis,
1578 854 1655 906 615

158 899 252 974 fini
271 863 915 1007 uffissffiplexu
941 929 1150 976 avolsus
1174 928 1293 989 Iuli,

159 1009 414 1056 auxilium
445 1009 683 1071 inploret
713 1009 986 1072 videatque
1012 1010 1228 1071 indigna
1256 1027 1466 1057 suorum

160 1091 369 1150 funer3a
409 1107 517 1139 nec.
546 1108 664 1138 011111
689 1108 741 1138 50
767 1092 862 1138 sub
886 1091 1024 1152 leges
1048 1092 1189 1152 pacis
1212 1092 1453 1152 iniquae

159 1129 442 1232 tradiderit,
471 1189 629 1234 regno
655 1176 743 1220 aut
769 1175 944 1234 optata
966 1172 1078 1220 luce
1103 1173 1319 1233 fruatur,

159 1255 248 1302 sed
267 1256 411 1303 cadat
437 1258 557 1302 ante
578 1255 717 1302 diem
742 1255 1015 1316 mediaque
1039 1254 1346 1302 inhumatus
1366 1271 1534 1303 arena.
1579 1264 1660 1302 620

157 1337 281 1384 haec
309 1354 516 1398 precor:
553 1337 686 1384 hanc
716 1354 894 1384 vocem
929 1340 1215 1384 extremam
1252 1352 1370 1383 cum
1405 1337 1659 1397 sanguine

293 1419 470 1466 fundo.
729 1413 734 1417 ¹

158 1508 272 1548 tum
297 1517 405 1557 vos,
435 1518 463 1547 o
489 1501 649 1563 Tyrii.
679 1503 896 1563 stirpem
922 1505 1160 1563 etgenus
1185 1516 1339 1547 omne
1363 1500 1603 1546 futurum

93 1556 385 1667 medie
411 1583 559 1643 odiis,
591 1566 852 1644 cinerique·
876 1583 1003 1628 haec
1029 1582 1228 1629 mittite
1254 1583 1431 1627 nostro

160 1680 390 1711 munera.
463 1663 642 1711 nullus
666 1679 812 1710 amor
835 1660 1058 1725 populis,
1086 1678 1181 1732 nec
1205 1661 1410 1709 foedera
1434 1664 1602 1708 sunto.

158 1746 387 1792 exoriare
412 1745 604 1807 aliquis
627 1745 820 1793 nostris
846 1761 907 1792 οΧ
934 1744 1136 1791 ossibus
1160 1743 1311 1804 ultor,
1580 1749 1655 1800 625

160 1828 247 1889 qui
271 1827 381 1874 face
404 1827 698 1875 Dardanios
720 1826 958 1888 ferroque
984 1841 1197 1888 sequare
1223 1824 1444 1885 colonos.

159 1924 310 1968 nunc,
340 1909 481 1968 olim,
510 1924 834 1970 quocumque
860 1907 1055 1955 dabunt
1080 1924 1132 1954 se
1157 1909 1389 1968 tempore
1414 1906 1564 1954 vires.

159 1991 313 2038 litora
337 1990 579 2038 litoribus
603 1990 875 2049 contraria,
903 1989 1144 2036 fluctibus
1169 1987 1334 2035 undas

160 2074 404 2134 inprecor,
436 2087 577 2119 arma
601 2072 793 2130 armis:
828 2072 1061 2133 pugnent
1089 2065 1289 2131 ipsique
1314 2071 1668 2131 nepotesque?
1692 2076 1695 2077 ’

158 2240 276 2280 Dido
313 2240 408 2280 tells
444 2254 468 2279 α
511 2252 644 2279 nurse
680 2244 720 2280 to
756 2238 865 2279 send
895 2239 1050 2289 Amm,
1083 2237 1182 2278 then
1225 2241 1398 2277 momnis
1430 2236 1499 2276 the
1528 2250 1653 2289 pyt-e,

277 2299 372 2339 bicls
391 2299 598 2351 faremell
628 2303 669 2338 to
701 2298 794 2350 life,
827 2298 919 2338 ancl
949 2296 1066 2336 stubs
1097 2296 1272 2348 herself

229 2400 371 2447 Haec
389 2400 478 2459 ait,
499 2401 550 2447 et
568 2403 741 2461 partes
757 2399 996 2446 animum
1012 2397 1248 2445 versabat
1271 2398 1325 2444 in
1342 2413 1537 2455 omnes,
1573 2404 1654 2452 630

159 2483 383 2530 invisam
408 2498 659 2545 quaerens
684 2497 839 2544 quam
865 2482 1095 2542 primum
1119 2479 1423 2541 abrumpere
1448 2479 1628 2527 lucem.

157 2574 270 2612 tum
295 2565 522 2612 breviter
546 2564 743 2611 Barcen
769 2563 1023 2611 nutricem
1048 2562 1219 2611 adfata
1245 2561 1463 2623 Sychaei
1483 2580 1494 2620 3

159 2663 381 2707 namque
407 2663 553 2694 suam
579 2646 746 2708 patria
770 2646 980 2707 antiqua
1006 2646 1137 2691 cinis
1163 2647 1272 2691 ater
1296 2643 1542 2690 habebat:
